@misc{farnam_street_2019, title={Survivorship Bias: The Tale of Forgotten Failures}, url={https://fs.blog/2019/12/survivorship-bias/}, journal={Farnam Street}, year={2019}, month={Dec}}


@misc{bbc, title={How 'survivorship bias' can cause you to make mistakes}, url={https://www.bbc.com/worklife/article/20200827-how-survivorship-bias-can-cause-you-to-make-mistakes}, journal={BBC Worklife}, publisher={BBC}}

@misc{kim_ward_2020, title={Survivorship Bias and Vaccines}, url={https://www.lancaster.ac.uk/stor-i-student-sites/kim-ward/2020/11/16/survivorship-bias-and-vaccines/}, journal={Kim Ward}, author={Kim Ward}, year={2020}, month={Nov}}
